@article{parnas1972criteria,
  author    = {Parnas, David L.},
  title     = {On the criteria to be used in decomposing systems into modules},
  journal   = {Communications of the ACM},
  volume    = {15},
  number    = {12},
  pages     = {1053--1058},
  year      = {1972},
  doi       = {10.1145/361598.361623}
}

@misc{piculoportugal2024modulo,
  author    = {Piculo Dos Santos, A. D. and Portugal, C.},
  title     = {Conceito de ``m√≥dulo'' em design},
  year      = {2024},
  note      = {Teoria Do Design, paragraph 17}
}